########### Method sources ###########

@MastersThesis{mononen2018,
title = {Systemaattinen kirjallisuuskartoitus luovasta ohjelmoinnista opetuskontekstissa},
author = {Mononen, Niko},
year = {2018},
url = {http://urn.fi/URN:NBN:fi:jyu-201801281350}
}

@MastersThesis{ryynanen2017,
title = {Immateriaalioikeuksien esiintyminen SIGCSE-konferenssien julkaisuissa},
author = {Ryyn√§nen, Sari},
year = {2017},
url = {http://urn.fi/URN:NBN:fi:jyu-201705112298}
}


@article{brereton2007,
  title={Lessons from applying the systematic literature review process within the software engineering domain},
  author={Brereton, Pearl and Kitchenham, Barbara A and Budgen, David and Turner, Mark and Khalil, Mohamed},
  journal={Journal of systems and software},
  volume={80},
  number={4},
  pages={571--583},
  year={2007},
  publisher={Elsevier}
}

@inproceedings{petersen2008,
  title={Systematic mapping studies in software engineering},
  author={Petersen, Kai and Feldt, Robert and Mujtaba, Shahid and Mattsson, Michael},
  booktitle={12th International Conference on Evaluation and Assessment in Software Engineering (EASE) 12},
  pages={1--10},
  year={2008}
}

@article{petersen2015,
  title={Guidelines for conducting systematic mapping studies in software engineering: An update},
  author={Petersen, Kai and Vakkalanka, Sairam and Kuzniarz, Ludwik},
  journal={Information and Software Technology},
  volume={64},
  pages={1--18},
  year={2015},
  publisher={Elsevier}
}


@misc{salminen2011,
  title={Mik{\"a} kirjallisuuskatsaus?: Johdatus kirjallisuuskatsauksen tyyppeihin ja hallintotieteellisiin sovelluksiin},
  author={Salminen, Ari},
  year={2011},
  publisher={Vaasan yliopisto}
}

########### AI sources ###########

@article{goertzel2014,
  title={Artificial general intelligence: concept, state of the art, and future prospects},
  author={Goertzel, Ben},
  journal={Journal of Artificial General Intelligence},
  volume={5},
  number={1},
  pages={1--48},
  year={2014},
  publisher={De Gruyter Open}
}




